@book{crawford2003chris,
  title={Chris Crawford on game design},
  author={Crawford, Chris},
  year={2003},
  publisher={New Riders}
}

@inproceedings{cardona2014games,
  title={Games as conversation},
  author={Cardona-Rivera, Rogelio E and Young, R Michael},
  booktitle={Proceedings of the 3rd Workshop on Games and NLP at the 10th AAAI Conference on Artificial Intelligence and Interactive Digital Entertainment},
  pages={2--8},
  year={2014}
}

@article{zagal2007towards,
  title={Towards an ontological language for game analysis},
  author={Zagal, Jos{\'e} P and Mateas, Michael and Fern{\'a}ndez-Vara, Clara and Hochhalter, Brian and Lichti, Nolan},
  journal={Worlds in Play: International Perspectives on Digital Games Research},
  volume={21},
  pages={21},
  year={2007},
  publisher={Peter Lang Pub Incorporated}
}

@article{ebner2013towards,
  title={Towards a video game description language},
  author={Ebner, Marc and Levine, John and Lucas, Simon M and Schaul, Tom and Thompson, Tommy and Togelius, Julian},
  year={2013},
  publisher={Dagstuhl Publishing}
}

@inproceedings{schaul2013video,
  title={A video game description language for model-based or interactive learning},
  author={Schaul, Tom},
  booktitle={Computational Intelligence in Games (CIG), 2013 IEEE Conference on},
  pages={1--8},
  year={2013},
  organization={IEEE}
}

@inproceedings{pfenning1999system,
  title={System description: Twelfâ€”a meta-logical framework for deductive systems},
  author={Pfenning, Frank and Sch{\"u}rmann, Carsten},
  booktitle={International Conference on Automated Deduction},
  pages={202--206},
  year={1999},
  organization={Springer}
}

@article{grice1975logic,
  title={Logic and conversation},
  author={Grice, H Paul},
  journal={1975},
  pages={41--58},
  year={1975}
}

@article{mccarthy1969some,
  title={Some philosophical problems from the standpoint of artificial intelligence},
  author={McCarthy, John and Hayes, Patrick J},
  journal={Readings in artificial intelligence},
  pages={431--450},
  year={1969},
  publisher={Los Altos, CA: Morgan Kaufmann}
}

@inproceedings{smith2010ludocore,
  title={Ludocore: A logical game engine for modeling videogames},
  author={Smith, Adam M and Nelson, Mark J and Mateas, Michael},
  booktitle={Computational Intelligence and Games (CIG), 2010 IEEE Symposium on},
  pages={91--98},
  year={2010},
  organization={IEEE}
}


@MISC{stardew,
  author = {Eric Barone},
  title = {Stardew Valley},
  publisher = {Chucklefish Games}, 
  howpublished = {Digital distribution},
  year = 2016,
}
